@article{yuan2021wave,
  title={Wave-riding and wave-passing by ducklings in formation swimming},
  author={Yuan, Zhi-Ming and Chen, Minglu and Jia, Laibing and Ji, Chunyan and Incecik, Atilla},
  journal={Journal of Fluid Mechanics},
  volume={928},
  pages={R2},
  year={2021},
  publisher={Cambridge University Press}
}
